{"e":"bookTicker","u":2507430014553,"s":"BTCUSDT","b":"22725.50","B":"3.480","a":"22725.60","A":"46.056","T":1676471628064,"E":1676471628068}
{"e":"bookTicker","u":2507430014342,"s":"BTCUSDT","b":"22725.50","B":"3.480","a":"22725.60","A":"46.043","T":1676471628054,"E":1676471628059}
{"e":"bookTicker","u":2507430014313,"s":"BTCUSDT","b":"22725.50","B":"3.480","a":"22725.60","A":"46.015","T":1676471628054,"E":1676471628059}
{"e":"bookTicker","u":2507430013959,"s":"BTCUSDT","b":"22725.50","B":"3.480","a":"22725.60","A":"46.001","T":1676471628044,"E":1676471628050}
{"e":"bookTicker","u":2507430013914,"s":"BTCUSDT","b":"22725.50","B":"3.480","a":"22725.60","A":"46.025","T":1676471628043,"E":1676471628049}
{"e":"bookTicker","u":2507430014708,"s":"BTCUSDT","b":"22725.50","B":"3.390","a":"22725.60","A":"46.056","T":1676471628070,"E":1676471628073}
{"e":"bookTicker","u":2507430014432,"s":"BTCUSDT","b":"22725.50","B":"3.480","a":"22725.60","A":"46.057","T":1676471628057,"E":1676471628062}
{"e":"bookTicker","u":2507430014328,"s":"BTCUSDT","b":"22725.50","B":"3.480","a":"22725.60","A":"46.029","T":1676471628054,"E":1676471628059}
{"e":"bookTicker","u":2507430014892,"s":"BTCUSDT","b":"22725.50","B":"3.412","a":"22725.60","A":"46.056","T":1676471628076,"E":1676471628081}
{"e":"bookTicker","u":2507430020840,"s":"BTCUSDT","b":"22725.50","B":"3.238","a":"22725.60","A":"45.356","T":1676471628244,"E":1676471628248}
{"e":"bookTicker","u":2507430020660,"s":"BTCUSDT","b":"22725.50","B":"3.305","a":"22725.60","A":"45.970","T":1676471628239,"E":1676471628243}
{"e":"bookTicker","u":2507430014904,"s":"BTCUSDT","b":"22725.50","B":"3.438","a":"22725.60","A":"46.056","T":1676471628077,"E":1676471628081}
{"e":"bookTicker","u":2507430015676,"s":"BTCUSDT","b":"22725.50","B":"3.305","a":"22725.60","A":"46.056","T":1676471628090,"E":1676471628094}
{"e":"bookTicker","u":2507430020708,"s":"BTCUSDT","b":"22725.50","B":"3.238","a":"22725.60","A":"45.970","T":1676471628240,"E":1676471628244}
{"e":"bookTicker","u":2507430021159,"s":"BTCUSDT","b":"22725.50","B":"3.238","a":"22725.60","A":"46.685","T":1676471628254,"E":1676471628257}
{"e":"bookTicker","u":2507430021524,"s":"BTCUSDT","b":"22725.50","B":"3.213","a":"22725.60","A":"46.687","T":1676471628264,"E":1676471628268}
{"e":"bookTicker","u":2507430021400,"s":"BTCUSDT","b":"22725.50","B":"3.213","a":"22725.60","A":"46.685","T":1676471628260,"E":1676471628264}
{"e":"bookTicker","u":2507430021795,"s":"BTCUSDT","b":"22725.50","B":"3.213","a":"22725.60","A":"46.602","T":1676471628269,"E":1676471628274}
{"e":"bookTicker","u":2507430021509,"s":"BTCUSDT","b":"22725.50","B":"3.213","a":"22725.60","A":"46.686","T":1676471628264,"E":1676471628268}
{"e":"bookTicker","u":2507430021721,"s":"BTCUSDT","b":"22725.50","B":"3.213","a":"22725.60","A":"46.601","T":1676471628267,"E":1676471628272}
{"e":"bookTicker","u":2507430022543,"s":"BTCUSDT","b":"22725.50","B":"3.213","a":"22725.60","A":"46.611","T":1676471628300,"E":1676471628304}
{"e":"bookTicker","u":2507430023424,"s":"BTCUSDT","b":"22725.50","B":"2.036","a":"22725.60","A":"46.611","T":1676471628329,"E":1676471628331}
{"e":"bookTicker","u":2507430025134,"s":"BTCUSDT","b":"22725.50","B":"2.036","a":"22725.60","A":"46.545","T":1676471628379,"E":1676471628382}
{"e":"bookTicker","u":2507430022396,"s":"BTCUSDT","b":"22725.50","B":"3.213","a":"22725.60","A":"46.463","T":1676471628294,"E":1676471628298}
{"e":"bookTicker","u":2507430026465,"s":"BTCUSDT","b":"22725.50","B":"2.036","a":"22725.60","A":"46.548","T":1676471628408,"E":1676471628412}
{"e":"bookTicker","u":2507430029736,"s":"BTCUSDT","b":"22725.50","B":"2.040","a":"22725.60","A":"49.712","T":1676471628476,"E":1676471628480}
{"e":"bookTicker","u":2507430028075,"s":"BTCUSDT","b":"22725.50","B":"2.039","a":"22725.60","A":"47.072","T":1676471628445,"E":1676471628450}
{"e":"bookTicker","u":2507430026475,"s":"BTCUSDT","b":"22725.50","B":"2.039","a":"22725.60","A":"46.548","T":1676471628408,"E":1676471628412}
{"e":"bookTicker","u":2507430027664,"s":"BTCUSDT","b":"22725.50","B":"2.039","a":"22725.60","A":"47.098","T":1676471628435,"E":1676471628439}
{"e":"bookTicker","u":2507430029294,"s":"BTCUSDT","b":"22725.50","B":"2.040","a":"22725.60","A":"47.072","T":1676471628467,"E":1676471628470}
{"e":"bookTicker","u":2507430030775,"s":"BTCUSDT","b":"22725.50","B":"2.040","a":"22725.60","A":"49.721","T":1676471628500,"E":1676471628504}
{"e":"bookTicker","u":2507430032057,"s":"BTCUSDT","b":"22725.50","B":"2.040","a":"22725.60","A":"49.536","T":1676471628534,"E":1676471628538}
{"e":"bookTicker","u":2507430033202,"s":"BTCUSDT","b":"22725.50","B":"2.005","a":"22725.60","A":"49.531","T":1676471628561,"E":1676471628565}
{"e":"bookTicker","u":2507430032161,"s":"BTCUSDT","b":"22725.50","B":"2.040","a":"22725.60","A":"49.526","T":1676471628535,"E":1676471628541}
{"e":"bookTicker","u":2507430030801,"s":"BTCUSDT","b":"22725.50","B":"2.040","a":"22725.60","A":"49.726","T":1676471628501,"E":1676471628506}
{"e":"bookTicker","u":2507430032155,"s":"BTCUSDT","b":"22725.50","B":"2.040","a":"22725.60","A":"49.531","T":1676471628535,"E":1676471628541}
{"e":"bookTicker","u":2507430033420,"s":"BTCUSDT","b":"22725.50","B":"2.005","a":"22725.60","A":"49.531","T":1676471628566,"E":1676471628570}
{"e":"bookTicker","u":2507430030703,"s":"BTCUSDT","b":"22725.50","B":"2.040","a":"22725.60","A":"49.716","T":1676471628498,"E":1676471628503}
{"e":"bookTicker","u":2507430032825,"s":"BTCUSDT","b":"22725.50","B":"2.005","a":"22725.60","A":"49.526","T":1676471628550,"E":1676471628556}
{"e":"bookTicker","u":2507430033481,"s":"BTCUSDT","b":"22725.50","B":"2.005","a":"22725.60","A":"49.526","T":1676471628568,"E":1676471628572}
{"e":"bookTicker","u":2507430033264,"s":"BTCUSDT","b":"22725.50","B":"2.005","a":"22725.60","A":"49.536","T":1676471628562,"E":1676471628567}
{"e":"bookTicker","u":2507430035296,"s":"BTCUSDT","b":"22725.50","B":"2.005","a":"22725.60","A":"49.527","T":1676471628630,"E":1676471628636}
{"e":"bookTicker","u":2507430036450,"s":"BTCUSDT","b":"22725.50","B":"2.005","a":"22725.60","A":"48.527","T":1676471628658,"E":1676471628662}
{"e":"bookTicker","u":2507430036378,"s":"BTCUSDT","b":"22725.50","B":"2.005","a":"22725.60","A":"49.077","T":1676471628656,"E":1676471628660}
{"e":"bookTicker","u":2507430035040,"s":"BTCUSDT","b":"22725.50","B":"2.005","a":"22725.60","A":"49.378","T":1676471628623,"E":1676471628626}
{"e":"bookTicker","u":2507430039316,"s":"BTCUSDT","b":"22725.50","B":"2.230","a":"22725.60","A":"47.526","T":1676471628747,"E":1676471628752}
{"e":"bookTicker","u":2507430039232,"s":"BTCUSDT","b":"22725.50","B":"2.230","a":"22725.60","A":"47.530","T":1676471628744,"E":1676471628749}
{"e":"bookTicker","u":2507430039175,"s":"BTCUSDT","b":"22725.50","B":"2.230","a":"22725.60","A":"47.923","T":1676471628744,"E":1676471628749}
{"e":"bookTicker","u":2507430039157,"s":"BTCUSDT","b":"22725.50","B":"2.005","a":"22725.60","A":"47.473","T":1676471628743,"E":1676471628747}
{"e":"bookTicker","u":2507430039492,"s":"BTCUSDT","b":"22725.50","B":"2.230","a":"22725.60","A":"47.864","T":1676471628751,"E":1676471628754}
{"e":"bookTicker","u":2507430039457,"s":"BTCUSDT","b":"22725.50","B":"2.230","a":"22725.60","A":"47.880","T":1676471628750,"E":1676471628754}
{"e":"bookTicker","u":2507430039160,"s":"BTCUSDT","b":"22725.50","B":"2.005","a":"22725.60","A":"47.923","T":1676471628743,"E":1676471628747}
{"e":"bookTicker","u":2507430039109,"s":"BTCUSDT","b":"22725.50","B":"2.005","a":"22725.60","A":"48.528","T":1676471628742,"E":1676471628747}
{"e":"bookTicker","u":2507430039815,"s":"BTCUSDT","b":"22725.50","B":"2.230","a":"22725.60","A":"47.414","T":1676471628758,"E":1676471628761}
{"e":"bookTicker","u":2507430045007,"s":"BTCUSDT","b":"22725.50","B":"2.005","a":"22725.60","A":"47.406","T":1676471628877,"E":1676471628881}
{"e":"bookTicker","u":2507430043506,"s":"BTCUSDT","b":"22725.50","B":"2.005","a":"22725.60","A":"47.370","T":1676471628846,"E":1676471628849}
{"e":"bookTicker","u":2507430043318,"s":"BTCUSDT","b":"22725.50","B":"2.230","a":"22725.60","A":"47.370","T":1676471628840,"E":1676471628845}
{"e":"bookTicker","u":2507430045359,"s":"BTCUSDT","b":"22725.50","B":"2.005","a":"22725.60","A":"47.320","T":1676471628887,"E":1676471628890}
{"e":"bookTicker","u":2507430049174,"s":"BTCUSDT","b":"22725.50","B":"1.115","a":"22725.60","A":"48.454","T":1676471629004,"E":1676471629009}
{"e":"bookTicker","u":2507430047959,"s":"BTCUSDT","b":"22725.50","B":"1.995","a":"22725.60","A":"47.320","T":1676471628972,"E":1676471628977}
{"e":"bookTicker","u":2507430048407,"s":"BTCUSDT","b":"22725.50","B":"1.115","a":"22725.60","A":"47.320","T":1676471628985,"E":1676471628988}
{"e":"bookTicker","u":2507430049036,"s":"BTCUSDT","b":"22725.50","B":"1.115","a":"22725.60","A":"48.254","T":1676471629003,"E":1676471629008}
{"e":"bookTicker","u":2507430048788,"s":"BTCUSDT","b":"22725.50","B":"1.115","a":"22725.60","A":"47.340","T":1676471628994,"E":1676471628998}
{"e":"bookTicker","u":2507430049063,"s":"BTCUSDT","b":"22725.50","B":"1.115","a":"22725.60","A":"48.354","T":1676471629004,"E":1676471629008}
{"e":"bookTicker","u":2507430051529,"s":"BTCUSDT","b":"22725.50","B":"1.115","a":"22725.60","A":"48.685","T":1676471629068,"E":1676471629073}
{"e":"bookTicker","u":2507430051635,"s":"BTCUSDT","b":"22725.50","B":"1.071","a":"22725.60","A":"48.685","T":1676471629070,"E":1676471629075}
{"e":"bookTicker","u":2507430049471,"s":"BTCUSDT","b":"22725.50","B":"1.115","a":"22725.60","A":"48.335","T":1676471629012,"E":1676471629016}
{"e":"bookTicker","u":2507430049792,"s":"BTCUSDT","b":"22725.50","B":"1.115","a":"22725.60","A":"48.135","T":1676471629020,"E":1676471629024}
{"e":"bookTicker","u":2507430052509,"s":"BTCUSDT","b":"22725.50","B":"2.816","a":"22725.60","A":"48.702","T":1676471629090,"E":1676471629094}
{"e":"bookTicker","u":2507430049732,"s":"BTCUSDT","b":"22725.50","B":"1.115","a":"22725.60","A":"48.235","T":1676471629019,"E":1676471629024}
{"e":"bookTicker","u":2507430052165,"s":"BTCUSDT","b":"22725.50","B":"2.816","a":"22725.60","A":"48.215","T":1676471629083,"E":1676471629086}
{"e":"bookTicker","u":2507430052590,"s":"BTCUSDT","b":"22725.50","B":"2.816","a":"22725.60","A":"48.152","T":1676471629091,"E":1676471629095}
{"e":"bookTicker","u":2507430052088,"s":"BTCUSDT","b":"22725.50","B":"1.071","a":"22725.60","A":"48.215","T":1676471629082,"E":1676471629085}
{"e":"bookTicker","u":2507430052316,"s":"BTCUSDT","b":"22725.50","B":"2.816","a":"22725.60","A":"48.237","T":1676471629085,"E":1676471629089}
{"e":"bookTicker","u":2507430054397,"s":"BTCUSDT","b":"22725.50","B":"2.816","a":"22725.60","A":"47.778","T":1676471629135,"E":1676471629139}
{"e":"bookTicker","u":2507430056854,"s":"BTCUSDT","b":"22725.50","B":"2.816","a":"22725.60","A":"48.123","T":1676471629217,"E":1676471629221}
{"e":"bookTicker","u":2507430054852,"s":"BTCUSDT","b":"22725.50","B":"2.816","a":"22725.60","A":"48.107","T":1676471629149,"E":1676471629155}
{"e":"bookTicker","u":2507430054646,"s":"BTCUSDT","b":"22725.50","B":"2.816","a":"22725.60","A":"48.091","T":1676471629144,"E":1676471629148}
{"e":"bookTicker","u":2507430054374,"s":"BTCUSDT","b":"22725.50","B":"2.816","a":"22725.60","A":"48.132","T":1676471629135,"E":1676471629139}
{"e":"bookTicker","u":2507430057041,"s":"BTCUSDT","b":"22725.50","B":"1.071","a":"22725.60","A":"48.123","T":1676471629222,"E":1676471629225}
{"e":"bookTicker","u":2507430057289,"s":"BTCUSDT","b":"22725.50","B":"1.071","a":"22725.60","A":"47.974","T":1676471629230,"E":1676471629232}
{"e":"bookTicker","u":2507430059060,"s":"BTCUSDT","b":"22725.50","B":"1.071","a":"22725.60","A":"48.123","T":1676471629284,"E":1676471629286}
{"e":"bookTicker","u":2507430057788,"s":"BTCUSDT","b":"22725.50","B":"1.071","a":"22725.60","A":"48.124","T":1676471629245,"E":1676471629249}
{"e":"bookTicker","u":2507430060178,"s":"BTCUSDT","b":"22725.50","B":"1.071","a":"22725.60","A":"48.144","T":1676471629318,"E":1676471629322}